@online{dijkstra_vs_astar,
  author = {Miguell Malacad},
  title = {Comparing Dijkstra’s and A* Search Algorithm},
  year = {2024},
  url = {https://medium.com/@miguell.m/dijkstras-and-a-search-algorithm-2e67029d7749},
  urldate = {2024-10-02}
}

Wegfindung & Algorithmus & Rapidly exploring random tree & 4 &
\href{https://en.wikipedia.org/wiki/Rapidly_exploring_random_tree}{Link}
& 03.10.2024 & Gian
@online{rrt,
  title = {Rapidly exploring random tree - Wikipedia},
  year = {2024},
  url = {https://en.wikipedia.org/wiki/Rapidly_exploring_random_tree},
  urldate = {2024-10-03}
}

@online{d_star,
  title = {D* Algorithm},
  year = {2024},
  url = {https://en.wikipedia.org/wiki/D*},
  urldate = {2024-10-03}
}

@online{goal_directed_queries,
  author = {Maue, J. et al.},
  title = {Goal directed shortest path queries using precomputed cluster distances},
  year = {2024},
  url = {https://publikationen.bibliothek.kit.edu/1000009512},
  urldate = {2024-10-04}
}

@online{floyd_warshall,
  title = {Floyd Warshall shortest path algorithm},
  year = {2024},
  url = {https://en.wikipedia.org/wiki/Floyd%E2%80%93Warshall_algorithm},
  urldate = {2024-10-04}
}

@online{object_detection_ibm,
  author = {Jacob Murel Ph.D., Eda Kavlakoglu},
  title = {What is Object Detection?},
  year = {2024},
  url = {https://www.ibm.com/topics/object-detection#:~:text=Object%20detection%20is%20a%20technique,imaging%20to%20self%2Ddriving%20cars.},
  urldate = {2024-10-02}
}

@online{cnn,
  author = {IBM},
  title = {What are convolutional neural networks?},
  year = {2024},
  url = {https://www.ibm.com/topics/convolutional-neural-networks},
  urldate = {2024-10-02}
}

@online{yolo,
  author = {Melanie Krause},
  title = {You Only Look Once (YOLO): What is it?},
  year = {2024},
  url = {https://datascientest.com/en/you-only-look-once-yolo-what-is-it#:~:text=You%20Only%20Look%20Once%20or,the%20mainstays%20of%20computer%20vision.},
  urldate = {2024-10-02}
}

@online{haar-cascade,
  author = {Aditya Mittal},
  title = {"Haar Cascade - Explained"},
  year = {2020},
  url = {https://medium.com/analytics-vidhya/haar-cascades-explained-38210e57970d},
  urldate = {2024-10-04}
}

@online{rcnn_wikipedia,
  title = {Region Based CNN - Wikipedia},
  year = {2024},
  url = {https://en.wikipedia.org/wiki/Region_Based_Convolutional_Neural_Networks},
  urldate = {2024-10-02}
}

@online{mecanum_rad,
  title = {Mecanum Rad - Wikipedia},
  year = {2024},
  url = {https://de.wikipedia.org/wiki/Mecanum-Rad},
  urldate = {2024-10-04}
}

@online{omniwheel,
  title = {Allseitenrad - Wikipedia},
  year = {2024},
  url = {https://de.wikipedia.org/wiki/Allseitenrad},
  urldate = {2024-10-04}
}

@online{skid_steering,
  author={Karim Nice},
  title = {How Caterpillar Skid Steer Loaders \& Multi Terrain Loaders Work},
  year = {2001},
  url={https://science.howstuffworks.com/transport/engines-equipment/skid-steer.htm},
  urldate = {2024-10-04}
}

@online{knicklenkung,
  title = {Knicklenkung - Wikipedia},
  year = {2024},
  url = {https://de.wikipedia.org/wiki/Knicklenkung},
  urldate = {2024-10-03}
}

@online{achsschenkel,
  title = {Achsschenkel - Wikipedia},
  year = {2024},
  url = {https://de.wikipedia.org/wiki/Achsschenkel},
  urldate = {2024-10-03}
}

@online{lenkungsarten,
  author = {Christian Praetorius},
  title = {Lenkungsarten},
  year = {2024},
  url = {https://www.staplerberater.de/auswahlkriterien/lenkungsarten},
  urldate = {2024-10-03}
}

@online{vakuumgreifer,
  title = {Vakuumgreifer},
  url = {https://www.schmalz.com/de-ch/glossar/vakuumgreifer},
  urldate = {2024-10-03}
}

@online{dc_motor,
  author = {Chris McGrady},
  title = {Mit oder ohne Bürste? Welchen DC-Motor sollten Sie wählen?},
  year = {2024},
  url = {https://www.arrow.de/research-and-events/articles/which-dc-motor-is-best-for-your-application},
  urldate = {2024-09-27}
}

@online{brushless,
  author = {Renesas},
  title = {What are Brushless DC Motors},
  year = {2024},
  url = {https://www.renesas.com/en/support/engineer-school/brushless-dc-motor-01-overview},
  urldate = {2024-09-27}
}

@online{schrittmotor,
  author = {Deltron AG},
  title = {Schrittmotor kurz erklärt},
  year = {2024},
  url = {https://wiki.bu.ost.ch/infoportal/_media/hardware/sysp/bauteile/schrittmotor_kurz_erklaert_d.pdf},
  urldate = {2024-09-27}
}

@online{liniensensor,
  author = {Stefan Warm},
  title = {IR-Sensoren mit Arduino},
  year = {2021},
  url = {https://spacehal.github.io/docs/sensoren/irSensor},
  urldate = {2024-10-04},
}

@online{ir_sensor,
  author = {Elektronik-Kompendium},
  title = {Raspberry Pi Pico: Objekterkennung mit Infrarot-Reflektionssensor FC-51},
  url = {https://www.elektronik-kompendium.de/sites/raspberry-pi/2802011.htm},
  urldate = {2024-09-27}
}

@online{ultraschall,
  author = {Christian Grieger},
  title = {Ultraschall-Sensor HC-SR04},
  year = {2018},
  url = {https://elektro.turanis.de/html/prj121/index.html},
  urldate = {2024-09-27}
}

@online{encoder,
  author = {Jeremy S. Cook},
  title = {Drehencoder und ihre Verwendung mit Arduino-Platinen},
  year = {2019},
  url = {https://www.arrow.de/research-and-events/articles/rotary-encoders-how-to-pair-with-an-arduino-board},
  urldate = {2024-09-29}
}

@online{lipo,
  author = {LionCare},
  title = {LiPo-Akkus - Eigenschaften, Vorteile und mehr},
  url = {https://www.lion-care.com/lipo-akkus-eigenschaften-vorteile-und-mehr},
  urldate = {2024-09-27}
}

@online{li-ion,
  author = {Pole Energy},
  title = {Li-Ion-Akkus VS. LiPo-Akkus},
  url = {https://poleenergy.ch/shop_content.php?coID=32},
  urldate = {2024-09-27}
}

@online{nimh,
  author = {chemie.de},
  title = {Nickel-Metallhydrid-Akkumulator},
  url = {https://www.chemie.de/lexikon/Nickel-Metallhydrid-Akkumulator.html},
  urldate = {2024-09-29}
}

@online{nimh_vs_lipo_rcteam,
  author = {Guides d'achat},
  title = {NIMH vs. Lipo-Batterien},
  year = {2023},
  url = {https://www.rcteam.com/de/blogs/der-blog-des-rc-modellbaus/nimh-vs-lipo-batterien},
  urldate = {2024-11-14}
}

@online{nimh_vs_lipo_rcrush,
  author = {Damien Walsh},
  title = {NiMH vs. LiPo batteries – Which One Is Better?},
  url = {https://www.rccrush.com/nimh-vs-lipo-batteries/},
  urldate = {2024-11-14}
}

@online{unreal_engine,
  title = {Unreal Engine},
  url = {https://www.unrealengine.com/},
  urldate = {2024-11-14}
}